@misc{godot_gut,
  author = {Godot Engine Community},
  title = {Godot GUT: Godot Unit Testing Framework},
  howpublished = {\url{https://github.com/bitwes/Gut}},
  year = {2025}
}

@misc{godot_docs,
  author = {Godot Engine Community},
  title = {Godot Engine Documentation},
  howpublished = {\url{https://docs.godotengine.org/}},
  year = {2023}
}

@misc{godot_best_practices,
  author = {Godot Engine Community},
  title = {Godot Engine: Best Practices for Modular Game Development},
  howpublished = {\url{https://docs.godotengine.org/en/stable/tutorials/scripting/modular_games.html}},
  year = {2023}
}

@misc{visual_paradigm,
  author = {Visual Paradigm International},
  title = {Visual Paradigm Online},
  howpublished = {\url{https://online.visual-paradigm.com/}},
  year = {2023}
}

@misc{gdscript_ref,
  author = {Godot Engine Community},
  title = {GDScript Reference},
  howpublished = {\url{https://docs.godotengine.org/en/stable/tutorials/scripting/gdscript/gdscript_basics.html}},
  year = {2023}
}
